@book{terraza,
  doi = {10.3917/dunod.bourb.2016.01},
  url = {https://doi.org/10.3917/dunod.bourb.2016.01},
  year = {2016},
  publisher = {Dunod},
  author = {Régis Bourbonnais \& Michel Terraza},
  title = {Analyse des séries temporelles}
}
